@string{stoc =  "Proc. ACM Symposium on Theory of Computing"}
@string{focs =  "Proc. IEEE Symposium on Foundations of Computer Science"}
@string{socg =  "Proc. Annual Symposium on Computational Geometry"}
@string{soda =  "Proc. ACM-SIAM Symposium on Discrete Algorithms"}
@string{wads =  "Proc. Workshop on Algorithms and Data Structures"}
@string{alenex = "Proc. Workshop on Algorithm Engineering and Experimentation"}
@string{swat =  "Proc. Scandinavian Workshop on Algorithms Theory"}
@string{esa  =  "Proc. European Symposium on Algorithms"}
@string{isaac = "Proc. International Symposium on Algorithms and Computation"}
@string{spaa =  "Proc. ACM Symposium on Parallelism in Algorithms and Architectures"}
@string{pods =  "Proc. ACM Symposium on Principles of Database Systems"}
@string{podc =  "Proc. ACM Symposium on Principles of Distributed Computing"}
@string{graph = "Proc. Graph-Theoretic Concepts in Computer Science"}
@string{stacs = "Symposium on Theoretical Aspects of Computer Science"}
@string{cad  =  "Proc. IEEE International Conference on CAD"}
@string{design = "Proc. ACM/IEEE Design Automation Conference"}
@string{vldb =  "Proc. International Conference on Very Large Data Bases"}
@string{pvldb =  "Proceedings of the VLDB Endowment"}
@string{disc =  "Proc. International Symposium on Distributed Computing"}

@string{mfcs = "Proc. International Symposium on Mathematical Foundations of
          Computer Science"}
@string{icalp= "Proc.  International Colloquium on Automata, Languages,
                  and Programming"}
@string{sigmod = "Proc. ACM SIGMOD International Conference on Management of Data"}
@string{sigkdd = "Proc. ACM SIGKDD International Conference on Knowledge Discovery and Data Mining"}
@string{siggraph = "Proc. SIGGRAPH"}
@string{wae = "Proc. Workshop on Algorithm Engineering"}
@string{edbt = "Proc. Conference on Extending Database Technology"}
@string{icde = "Proc. IEEE International Conference on Data Engineering"}
@string{icdt = "Proc. International Conference on Database Theory"}
@string{cocoon = "Proc. Annual Combinatorics and Computing Conference"}
@string{sstd = "Proc. International Symposium on Spatial and Temporal Databases"}

@string{survey = "ACM Computing Surveys"}
@string{jcss =  "Journal of Computer and System Sciences"}
@string{jacm =  "Journal of the ACM"}
@string{ipl  =  "Information Processing Letters"}
@string{transcomp = "IEEE Transactions on Computers"}
@string{tkde = "IEEE Transactions on Knowledge and Data Engineering"}
@string{cacm =  "Communications of the ACM"}
@string{siamjour = "SIAM Journal on Computing"}
@string{sicomp = "SIAM Journal on Computing"}
@string{tcs  =  "Theoretical Computer Science"}
@string{jalg =  "Journal of Algorithms"}
@string{computer = "IEEE Computer"}
@string{alg = "Algorithmica"}
@string{transknow ="IEEE Transactions on Knowledge and Data Engineering"}
@string{dcg="Discrete and Computational Geometry"}
@string{iandc="Information and Computation"}
@string{ijcga="International Journal of Computational Geometry \& Applications"}
@string{cgta="Computational Geometry: Theory and Applications"}
@string{acmexp="ACM Journal on Experimental Algorithmics"}
@string{tods="ACM Transactions on Database Systems"}
@string{talg="ACM Transactions on Algorithms"}
@string{jgraph="Journal on Graph Algorithms and Applications"}
@string{acmgis="Proc. International Symposium on Advances in Geographic Information Systems"}
@string{dcc="Proc. Data Compression Conference"}
@string{ieeetit="{IEEE} Transactions on Information Theory"}
@string{infocom="{IEEE} {INFOCOM}"}
@string{acta="Acta Informatica"}
@string{vldbj="The VLDB Journal"}
@string{dc="Distributed Computing"}
@string{osdi="Proc. Symposium on Operating Systems Design and Implementation"}
@string{sensys="Proc. ACM SenSys"}
@string{cidr="Proc. Conference on Innovative Data Systems Research"}


@inproceedings{defferrard2016convolutional,
	title={Convolutional neural networks on graphs with fast localized spectral filtering},
	author={Defferrard, Micha{\"e}l and Bresson, Xavier and Vandergheynst, Pierre},
	booktitle={Advances in neural information processing systems},
	pages={3844--3852},
	year={2016}
}

@article{hammond2011wavelets,
	title={Wavelets on graphs via spectral graph theory},
	author={Hammond, David K and Vandergheynst, Pierre and Gribonval, R{\'e}mi},
	journal={Applied and Computational Harmonic Analysis},
	volume={30},
	number={2},
	pages={129--150},
	year={2011},
	publisher={Elsevier}
}

@article{kipf2016semi,
	title={Semi-supervised classification with graph convolutional networks},
	author={Kipf, Thomas N and Welling, Max},
	journal={arXiv preprint arXiv:1609.02907},
	year={2016}
}


@inproceedings{alon2017optimal,
	title={Optimal compression of approximate inner products and dimension reduction},
	author={Alon, Noga and Klartag, Bo'az},
	booktitle={2017 IEEE 58th Annual Symposium on Foundations of Computer Science (FOCS)},
	pages={639--650},
	year={2017},
	organization={IEEE}
}

@inproceedings{indyk2017near,
	title={Near-optimal (euclidean) metric compression},
	author={Indyk, Piotr and Wagner, Tal},
	booktitle={Proceedings of the Twenty-Eighth Annual ACM-SIAM Symposium on Discrete Algorithms},
	pages={710--723},
	year={2017},
	organization={SIAM}
}

@article{braverman2016bptree,
  title={BPTree: an $\ell_2$ heavy hitters algorithm using constant memory},
  author={Braverman, Vladimir and Chestnut, Stephen R and Ivkin, Nikita and Nelson, Jelani and Woodruff, David P and Wang, Zhengyu},
  journal={arXiv preprint arXiv:1603.00759},
  year={2016}
}

@inproceedings{molinaro2013beating,
  title={Beating the direct sum theorem in communication complexity with implications for sketching},
  author={Molinaro, Marco and Woodruff, David P and Yaroslavtsev, Grigory},
  booktitle={Proceedings of the Twenty-Fourth Annual ACM-SIAM Symposium on Discrete Algorithms},
  pages={1738--1756},
  year={2013},
  organization={SIAM}
}

@article{rothvoss2014constructive,
  title={Constructive discrepancy minimization for convex sets},
  author={Rothvoss, Thomas},
  journal={arXiv preprint arXiv:1404.0339},
  year={2014}
}

@book{alon2004probabilistic,
  title={The probabilistic method},
  author={Alon, Noga and Spencer, Joel H},
  year={2004},
  publisher={John Wiley \& Sons}
}

@article{talagrand1995concentration,
  title={Concentration of measure and isoperimetric inequalities in product spaces},
  author={Talagrand, Michel},
  journal={Publications Math{\'e}matiques de l'Institut des Hautes Etudes Scientifiques},
  volume={81},
  number={1},
  pages={73--205},
  year={1995},
  publisher={Springer}
}

@inproceedings{braverman2012interactive,
  title={Interactive information complexity},
  author={Braverman, Mark},
  booktitle={Proceedings of the 44th symposium on Theory of Computing},
  pages={505--524},
  year={2012},
  organization={ACM}
}

@article{feller1943generalization,
  title={Generalization of a probability limit theorem of Cramer},
  author={Feller, William},
  journal={Transactions of the American Mathematical Society},
  volume={54},
  number={3},
  pages={361--372},
  year={1943},
  publisher={JSTOR}
}

@article{chen2012super,
  title={Super-samples from kernel herding},
  author={Chen, Yutian and Welling, Max and Smola, Alex},
  journal={arXiv preprint arXiv:1203.3472},
  year={2012}
}

@inproceedings{larsen2011range,
  title={On range searching in the group model and combinatorial discrepancy},
  author={Larsen, Kasper Green},
  booktitle={52nd  Annual Symposium on Foundations of Computer Science (FOCS)},
  pages={542--549},
  year={2011},
  organization={IEEE}
}

@inproceedings{chakrabarti2001informational,
  title={Informational complexity and the direct sum problem for simultaneous message complexity},
  author={Chakrabarti, Amit and Shi, Yaoyun and Wirth, Anthony and Yao, Andrew},
  booktitle={42nd  Annual Symposium on Foundations of Computer Science (FOCS)},
  pages={270--278},
  year={2001},
  organization={IEEE}
}

@article{roth1954irregularities,
  title={On irregularities of distribution},
  author={Roth, Klaus F},
  journal={Mathematika},
  volume={1},
  number={02},
  pages={73--79},
  year={1954},
  publisher={Cambridge Univ Press}
}
@article{bagchi2007deterministic,
  title={Deterministic sampling and range counting in geometric data streams},
  author={Bagchi, Amitabha and Chaudhary, Amitabh and Eppstein, David and Goodrich, Michael T},
  journal={ACM Transactions on Algorithms (TALG)},
  volume={3},
  number={2},
  pages={16},
  year={2007},
  publisher={ACM}
}

@inproceedings{yao1977probabilistic,
  title={Probabilistic computations: Toward a unified measure of complexity},
  author={Yao, Andrew C},
  booktitle={18th Annual Symposium on Foundations of Computer Science (FOCS)},
  pages={222â€“-227},
  year={1977},
  organization={IEEE}
}

@book{kushilevitz1997communication,
  title={Communication complexity},
  author={Kushilevitz, Eyal and Nisan, Noam},
  year={1997},
  publisher={Cambridge university press}
}

@article{cormode2005improved,
  title={An improved data stream summary: the count-min sketch and its applications},
  author={Cormode, Graham and Muthukrishnan, S},
  journal={Journal of Algorithms},
  volume={55},
  number={1},
  pages={58--75},
  year={2005},
  publisher={Elsevier}
}

@inproceedings{greenwald2001space,
  title={Space-efficient online computation of quantile summaries},
  author={Greenwald, Michael and Khanna, Sanjeev},
  booktitle={ACM SIGMOD Record},
  volume={30},
  number={2},
  pages={58--66},
  year={2001},
  organization={ACM}
}
@book{chazelle2000discrepancy,
  title={The discrepancy method: randomness and complexity},
  author={Chazelle, Bernard},
  year={2000},
  publisher={Cambridge University Press}
}

@inproceedings{WZ12,
  title={Tight bounds for distributed functional monitoring},
  author={Woodruff, David P and Zhang, Qin},
  booktitle={Proceedings of the 44th symposium on Theory of Computing},
  pages={941--960},
  year={2012},
  organization={ACM}
}

@book{cover2006,
  title={Elements of information theory},
  author={Cover, Thomas M and Thomas, Joy A},
  year={2006},
  publisher={John Wiley \& Sons}
}

@inproceedings{lovett2012constructive,
  title={Constructive discrepancy minimization by walking on the edges},
  author={Lovett, Shachar and Meka, Raghu},
  booktitle={53rd Annual Symposium on Foundations of Computer Science (FOCS)},
  pages={61--67},
  year={2012},
  organization={IEEE}
}

@inproceedings{bansal2010constructive,
  title={Constructive algorithms for discrepancy minimization},
  author={Bansal, Nikhil},
  booktitle={51st Annual IEEE Symposium on Foundations of Computer Science (FOCS)},
  pages={3--10},
  year={2010},
  organization={IEEE}
}

@article{spencer1985six,
  title={Six standard deviations suffice},
  author={Spencer, Joel},
  journal={Transactions of the American Mathematical Society},
  volume={289},
  number={2},
  pages={679--706},
  year={1985}
}

@article{beck1981roth,
  title={Rothâ€™s estimate of the discrepancy of integer sequences is nearly sharp},
  author={Beck, J{\'o}zsef},
  journal={Combinatorica},
  volume={1},
  number={4},
  pages={319--325},
  year={1981},
  publisher={Springer}
}

@article{matouvsek2001probabilistic,
  title={The Probabilistic Method},
  author={Matou{\v{s}}ek, Ji{\v{r}}{\'\i} and Vondr{\'a}k, Jan},
  journal={Lecture Notes, Department of Applied Mathematics, Charles University, Prague},
  year={2001}
}

@article{li2001improved,
  title={Improved bounds on the sample complexity of learning},
  author={Li, Yi and Long, Philip M and Srinivasan, Aravind},
  journal={Journal of Computer and System Sciences},
  volume={62},
  number={3},
  pages={516--527},
  year={2001},
  publisher={Elsevier}
}

@article{alexander1990geometric,
  title={Geometric methods in the study of irregularities of distribution},
  author={Alexander, Ralph},
  journal={Combinatorica},
  volume={10},
  number={2},
  pages={115--136},
  year={1990},
  publisher={Springer}
}

@inproceedings{agarwal2012mergeable,
  title={Mergeable summaries},
  author={Agarwal, P. K. and Cormode, G. and Huang, Z. and Phillips, J. and Wei, Z. and Yi, K.},
  booktitle={Proceedings of the 31st symposium on Principles of Database Systems},
  pages={23--34},
  year={2012},
}

@inproceedings{Zhao,
 author = {Zhao, Qi (George) and Ogihara, Mitsunori and Wang, Haixun and Xu, Jun (Jim)},
 title = {Finding global icebergs over distributed data sets},
 booktitle = {PODS '06: Proceedings of the twenty-fifth ACM SIGMOD-SIGACT-SIGART symposium on Principles of database systems},
 year = {2006},
 isbn = {1-59593-318-2},
 pages = {298--307},
 location = {Chicago, IL, USA},
 doi = {http://doi.acm.org/10.1145/1142351.1142394},
 publisher = {ACM},
 address = {New York, NY, USA},
 }

@inproceedings{Suri,
 author = {Shrivastava, Nisheeth and Buragohain, Chiranjeeb and Agrawal, Divyakant and Suri, Subhash},
 title = {Medians and beyond: new aggregation techniques for sensor networks},
 booktitle = {SenSys '04: Proceedings of the 2nd international conference on Embedded networked sensor systems},
 year = {2004},
 isbn = {1-58113-879-2},
 pages = {239--249},
 location = {Baltimore, MD, USA},
 doi = {http://doi.acm.org/10.1145/1031495.1031524},
 publisher = {ACM},
 address = {New York, NY, USA},
 }

@inproceedings{GK,
 author = {Greenwald, Michael B. and Khanna, Sanjeev},
 title = {Power-conserving computation of order-statistics over sensor networks},
 booktitle = {PODS '04: Proceedings of the twenty-third ACM SIGMOD-SIGACT-SIGART symposium on Principles of database systems},
 year = {2004},
 isbn = {158113858X},
 pages = {275--285},
 location = {Paris, France},
 doi = {http://doi.acm.org/10.1145/1055558.1055597},
 publisher = {ACM},
 address = {New York, NY, USA},
 }
@inproceedings{kezhang,
 author = {Yi, Ke and Zhang, Qin},
 title = {Optimal tracking of distributed heavy hitters and quantiles},
 booktitle = {PODS '09: Proceedings of the twenty-eighth ACM SIGMOD-SIGACT-SIGART symposium on Principles of database systems},
 year = {2009},
 isbn = {978-1-60558-553-6},
 pages = {167--174},
 location = {Providence, Rhode Island, USA},
 doi = {http://doi.acm.org/10.1145/1559795.1559820},
 publisher = {ACM},
 address = {New York, NY, USA},
 }
@inproceedings{Graham,
 author = {Cormode, Graham and Muthukrishnan , S. and Yi, Ke and Zhang, Qin},
 title = {Optimal sampling from distributed streams},
 booktitle = {PODS '10: Proceedings of the twenty-eighth ACM SIGMOD-SIGACT-SIGART symposium on Principles of database systems},
 year = {2010},
 location = {Indianapolis, Indiana, USA},
 publisher = {ACM},
 }

@article{approxtopk,
  title={{Approximate distributed top-k queries}},
  author={Patt-Shamir, B. and Shafrir, A.},
  journal={Distributed Computing},
  volume={21},
  number={1},
  pages={1--22},
  year={2008},
  publisher={Springer}
}
@conference{caotopk,
  title={{Efficient top-k query calculation in distributed networks}},
  author={Cao, P. and Wang, Z.},
  booktitle={Proceedings of the twenty-third annual ACM symposium on Principles of distributed computing},
  pages={215},
  year={2004},
  organization={ACM}
}
@article{fagin,
  title={{Optimal aggregation algorithms for middleware* 1}},
  author={Fagin, R. and Lotem, A. and Naor, M.},
  journal={Journal of Computer and System Sciences},
  volume={66},
  number={4},
  pages={614--656},
  year={2003},
  publisher={Elsevier}
}

@article{dolev1992determinism,
  title={Determinism vs. nondeterminism in multiparty communication complexity},
  author={Dolev, Danny and Feder, Tom{\'a}s},
  journal={SIAM Journal on Computing},
  volume={21},
  number={5},
  pages={889--895},
  year={1992},
  publisher={SIAM}
}
@inproceedings{larsen2011range,
  title={On range searching in the group model and combinatorial discrepancy},
  author={Larsen, Kasper Green},
  booktitle={52nd Annual Symposium on Foundations of Computer Science (FOCS) },
  pages={542--549},
  year={2011},
  organization={IEEE}
}
@article{matouvsek1995tight,
  title={Tight upper bounds for the discrepancy of half-spaces},
  author={Matou{\v{s}}ek, Ji{\v{r}}{\'\i}},
  journal={Discrete \& Computational Geometry},
  volume={13},
  number={1},
  pages={593--601},
  year={1995},
  publisher={Springer}
}

@article{roth1985theorem,
  title={On a theorem of Beck},
  author={Roth, KF},
  journal={Glasgow Mathematical Journal},
  volume={27},
  number={1},
  pages={195--201},
  year={1985},
  publisher={Cambridge Univ Press}
}

@article{matouvsek1993discrepancy,
  title={Discrepancy and approximations for bounded VC-dimension},
  author={Matou{\v{s}}ek, Ji{\v{r}}{\'\i} and Welzl, Emo and Wernisch, Lorenz},
  journal={Combinatorica},
  volume={13},
  number={4},
  pages={455--466},
  year={1993},
  publisher={Springer}
}



@inproceedings{karp2000randomized,
  title={Randomized rumor spreading},
  author={Karp, Richard and Schindelhauer, Christian and Shenker, Scott and Vocking, Berthold},
  booktitle={41st Annual Symposium on Foundations of Computer Science (FOCS)},
  pages={565--574},
  year={2000},
  organization={IEEE}
}
@inproceedings{kempe2003gossip,
  title={Gossip-based computation of aggregate information},
  author={Kempe, David and Dobra, Alin and Gehrke, Johannes},
  booktitle={44th Annual Symposium on Foundations of Computer Science (FOCS)},
  pages={482--491},
  year={2003},
  organization={IEEE}
}

@conference{huanghh,
  title={{Optimal sampling algorithms for frequency estimation in distributed data}},
  author={Huang, Zengfeng and Yi, Ke and Liu, Yunhao and Chen, Guihai},
  booktitle={Manuscript},
  year={2010},
}
@conference{huangeps,
  title={{Distributed Monitoring of epsilon-Kernels and epsilon-Approximations}},
  author={Agarwal, Pankaj K. and Huang, Zengfeng and Phillips, Jeff M.  and YI, Ke},
  booktitle={Manuscript},
  year={2009},
}

@article{vc
, author =	"V. N. Vapnik and A. Y. Chervonenkis"
, title =	"On the uniform convergence of relative frequencies of events to their probabilities"
, journal =	"Theory of Probability and its Applications"
, volume =	16
, year =	1971
, pages =	"264--280"
, update =	"96.09 orourke"
}

@book{matousek1999geometric,
  title={Geometric discrepancy: An illustrated guide},
  author={Matousek, Jiri},
  volume={18},
  year={1999},
  publisher={Springer}
}

@article{misra1982finding,
  title={Finding repeated elements},
  author={Misra, Jayadev and Gries, David},
  journal={Science of computer programming},
  volume={2},
  number={2},
  pages={143--152},
  year={1982},
  publisher={Elsevier}
}
@book{chazelle2001discrepancy,
  title={{The discrepancy method: randomness and complexity}},
  author={Chazelle, B.},
  year={2001},
  publisher={Cambridge Univ Pr}
}
@book{kushilevitz1997communication,
  title={{Communication complexity}},
  author={Kushilevitz, E. and Nisan, N.},
  year={1997},
  publisher={Cambridge Univ Pr}
}
@conference{alon1996space,
  title={{The space complexity of approximating the frequency moments}},
  author={Alon, N. and Matias, Y. and Szegedy, M.},
  booktitle={Proceedings of the twenty-eighth annual ACM symposium on Theory of computing},
  pages={20--29},
  year={1996},
  organization={ACM}
}

@article{duris1998lower,
  title={{Lower bounds on the multiparty communication complexity}},
  author={Duris, P. and Rolim, JDP},
  journal={Journal of Computer and System Sciences},
  volume={56},
  number={1},
  pages={90--95},
  year={1998},
  publisher={Academic Press}
}
@book{muthukrishnan2005data,
  title={{Data streams: Algorithms and applications}},
  author={Muthukrishnan, S.},
  year={2005},
  publisher={Now Publishers Inc}
}

@conference{datar2002maintaining,
  title={{Maintaining stream statistics over sliding windows:(extended abstract)}},
  author={Datar, M. and Gionis, A. and Indyk, P. and Motwani, R.},
  booktitle={Proceedings of the thirteenth annual ACM-SIAM symposium on Discrete algorithms},
  pages={635--644},
  year={2002},
  organization={Society for Industrial and Applied Mathematics}
}

@article{haussler1987epsilon,
  title={{Epsilon nets and simplex range searching}},
  author={Haussler, D. and Welzl, E.},
  journal={Discrete Comput. Geom},
  volume={2},
  pages={127--151},
  year={1987}
}
@book{alon2000probabilistic,
  title={{The probabilistic method}},
  author={Alon, N. and Spencer, J.H.},
  year={2000},
  publisher={Wiley-Interscience}
}
@article{suri2006range,
  title={{Range counting over multidimensional data streams}},
  author={Suri, S. and T{\'o}th, C.D. and Zhou, Y.},
  journal={Discrete and Computational Geometry},
  volume={36},
  number={4},
  pages={633--655},
  year={2006},
  publisher={Springer}
}
@conference{manjhi2005tributaries,
  title={{Tributaries and deltas: efficient and robust aggregation in sensor network streams}},
  author={Manjhi, A. and Nath, S. and Gibbons, P.B.},
  booktitle={Proceedings of the 2005 ACM SIGMOD international conference on Management of data},
  pages={298},
  year={2005},
  organization={ACM}
}
@inproceedings{sensys03,
 author = {Zhao, Jerry and Govindan, Ramesh},
 title = {Understanding packet delivery performance in dense wireless sensor networks},
 booktitle = {SenSys '03: Proceedings of the 1st international conference on Embedded networked sensor systems},
 year = {2003},
 isbn = {1-58113-707-9},
 pages = {1--13},
 location = {Los Angeles, California, USA},
 doi = {http://doi.acm.org/10.1145/958491.958493},
 publisher = {ACM},
 address = {New York, NY, USA},
 }
@conference{considine2004approximate,
  title={{Approximate aggregation techniques for sensor databases}},
  author={Considine, J. and Li, F. and Kollios, G. and Byers, J.},
  booktitle={Data Engineering, 2004. Proceedings. 20th International Conference on},
  pages={449--460}
}
@article{nathsensys,
 author = {Nath, Suman and Gibbons, Phillip B. and Seshan, Srinivasan and Anderson, Zachary},
 title = {Synopsis diffusion for robust aggregation in sensor networks},
 journal = {ACM Trans. Sen. Netw.},
 volume = {4},
 number = {2},
 year = {2008},
 issn = {1550-4859},
 pages = {1--40},
 doi = {http://doi.acm.org/10.1145/1340771.1340773},
 publisher = {ACM},
 address = {New York, NY, USA},
 }
@book{lee2009lower,
  title={{Lower bounds in communication complexity}},
  author={Lee, T. and Shraibman, A.},
  year={2009},
  publisher={Now Publishers Inc}
}
@conference{chakrabarti2003near,
  title={{Near-optimal lower bounds on the multi-party communication complexity of set disjointness}},
  author={Chakrabarti, A. and Khot, S. and Sun, X.},
  booktitle={18th IEEE Annual Conference on Computational Complexity, 2003. Proceedings},
  pages={107--117},
  year={2003}
}

@article{bar2004information,
  title={{An information statistics approach to data stream and communication complexity}},
  author={Bar-Yossef, Z. and Jayram, TS and Kumar, R. and Sivakumar, D.},
  journal={Journal of Computer and System Sciences},
  volume={68},
  pages={702--732},
  year={2004}
}

@article{bar2002counting,
  title={{Counting distinct elements in a data stream}},
  author={Bar-Yossef, Z. and Jayram, T. and Kumar, R. and Sivakumar, D. and Trevisan, L.},
  journal={Randomization and Approximation Techniques in Computer Science},
  pages={952--952},
  year={2002},
  publisher={Springer}
}

@inproceedings{entropysoda07,
 author = {Chakrabarti, Amit and Cormode, Graham and McGregor, Andrew},
 title = {A near-optimal algorithm for computing the entropy of a stream},
 booktitle = {SODA '07: Proceedings of the eighteenth annual ACM-SIAM symposium on Discrete algorithms},
 year = {2007},
 isbn = {978-0-898716-24-5},
 pages = {328--335},
 location = {New Orleans, Louisiana},
 publisher = {Society for Industrial and Applied Mathematics},
 address = {Philadelphia, PA, USA},
 }
@inproceedings{streamdupli,
 author = {Gopalan, Parikshit and Radhakrishnan, Jaikumar},
 title = {Finding duplicates in a data stream},
 booktitle = {SODA '09: Proceedings of the twentieth Annual ACM-SIAM Symposium on Discrete Algorithms},
 year = {2009},
 pages = {402--411},
 location = {New York, New York},
 publisher = {Society for Industrial and Applied Mathematics},
 address = {Philadelphia, PA, USA},
 }

@article{kaly,
  title={{The probabilistic communication complexity of set intersection}},
  author={Kalyanasundaram, B. and Schintger, G.},
  journal={SIAM Journal on Discrete Mathematics},
  volume={5},
  pages={545},
  year={1992}
}

@article{razborov1992distributional,
  title={{On the distributional complexity of disjointness}},
  author={Razborov, AA},
  journal={Theoretical Computer Science},
  volume={106},
  number={2},
  pages={385--390},
  year={1992},
  publisher={Elsevier}
}

@article{flajolet1985probabilistic,
  title={{Probabilistic counting algorithms for data base applications}},
  author={Flajolet, P. and Martin, N. and others},
  journal={Journal of Computer and System Sciences},
  volume={31},
  number={2},
  pages={182--209},
  year={1985},
  publisher={Elsevier}
}

@article{cormode08:_findin,
 author = {Cormode, Graham and Hadjieleftheriou, Marios},
 title = {Finding frequent items in data streams},
 journal = {Proc. VLDB Endow.},
 issue_date = {August 2008},
 volume = {1},
 number = {2},
 month = aug,
 year = {2008},
 issn = {2150-8097},
 pages = {1530--1541},
 numpages = {12},
 url = {http://dl.acm.org/citation.cfm?id=1454159.1454225},
 acmid = {1454225},
 publisher = {VLDB Endowment},
} 

@article{Porat-Ely,
  title={An optimal bloom filter replacement based on matrix solving},
  author={Porat, E.},
  journal={Computer Science-Theory and Applications},
  pages={263--273},
  year={2009},
  publisher={Springer}
}

@InProceedings{huang11,
  author = 	 {Z. Huang and L. Wang and K. Yi and Y. Liu},
  title = 	 {Sampling Based Algorithms for Quantile Computation in Sensor Networks},
  booktitle =	 sigmod,
  year =	 2011
}

@InProceedings{agarwal07:_space_,
  author = 	 {P. K. Agarwal and H. Yu},
  title = 	 {A Space-Optimal Data-Stream Algorithm for Coresets in the Plane},
  booktitle =	 socg,
  year =	 2007
}

