
@article{hammond2011wavelets,
	title={Wavelets on graphs via spectral graph theory},
	author={Hammond, David K and Vandergheynst, Pierre and Gribonval, R{\'e}mi},
	journal={Applied and Computational Harmonic Analysis},
	volume={30},
	number={2},
	pages={129--150},
	year={2011},
	publisher={Elsevier}
}

@article{kipf2016semi,
	title={Semi-supervised classification with graph convolutional networks},
	author={Kipf, Thomas N and Welling, Max},
	journal={arXiv preprint arXiv:1609.02907},
	year={2016}
}

@article{braverman2016bptree,
  title={BPTree: an $$\backslash$ ell\_2 $ heavy hitters algorithm using constant memory},
  author={Braverman, Vladimir and Chestnut, Stephen R and Ivkin, Nikita and Nelson, Jelani and Woodruff, David P and Wang, Zhengyu},
  journal={arXiv preprint arXiv:1603.00759},
  year={2016}
}

@inproceedings{KonradMM12,
  author    = {Christian Konrad and
               Fr{\'e}d{\'e}ric Magniez and
               Claire Mathieu},
  title     = {Maximum Matching in Semi-streaming with Few Passes},
  booktitle = {APPROX-RANDOM},
  year      = {2012},
  pages     = {231-242},
  ee        = {http://dx.doi.org/10.1007/978-3-642-32512-0_20},
  crossref  = {DBLP:conf/approx/2012},
  bibsource = {DBLP, http://dblp.uni-trier.de}
}


@incollection{watt,
year={2004},
isbn={978-3-540-23306-0},
booktitle={Distributed Computing},
volume={3274},
series={Lecture Notes in Computer Science},
editor={Guerraoui, Rachid},
doi={10.1007/978-3-540-30186-8_24},
title={Distributed Weighted Matching},
url={http://dx.doi.org/10.1007/978-3-540-30186-8_24},
publisher={Springer Berlin Heidelberg},
author={Wattenhofer, Mirjam and Wattenhofer, Roger},
pages={335-348}
}

@article{Z12,
 author = {Zelke, Mariano},
 title = {Weighted Matching in the Semi-Streaming Model},
 journal = {Algorithmica},
 issue_date = {February 2012},
 volume = {62},
 number = {1-2},
 month = feb,
 year = {2012},
 issn = {0178-4617},
 pages = {1--20},
 numpages = {20},
 url = {http://dx.doi.org/10.1007/s00453-010-9438-5},
 doi = {10.1007/s00453-010-9438-5},
 acmid = {2142077},
 publisher = {Springer-Verlag New York, Inc.},
 address = {Secaucus, NJ, USA},
 keywords = {Approximation algorithm, Graph algorithm, Matching},
} 

@inproceedings{M05,
 author = {McGregor, Andrew},
 title = {Finding graph matchings in data streams},
 booktitle = {Proceedings of the 8th international workshop on Approximation, Randomization and Combinatorial Optimization Problems, and Proceedings of the 9th international conference on Randomization and Computation: algorithms and techniques},
 series = {APPROX'05/RANDOM'05},
 year = {2005},
 isbn = {3-540-28239-4, 978-3-540-28239-6},
 location = {Berkeley, CA},
 pages = {170--181},
 numpages = {12},
 url = {http://dx.doi.org/10.1007/11538462_15},
 doi = {10.1007/11538462_15},
 acmid = {2130716},
 publisher = {Springer-Verlag},
 address = {Berlin, Heidelberg},
} 

@article{ELMS11,
author = {Epstein, L. and Levin, A. and Mestre, J. and Segev, D.},
title = {Improved Approximation Guarantees for Weighted Matching in the Semi-streaming Model},
journal = {SIAM Journal on Discrete Mathematics},
volume = {25},
number = {3},
pages = {1251-1265},
year = {2011},
doi = {10.1137/100801901},

URL = {http://epubs.siam.org/doi/abs/10.1137/100801901},
eprint = {http://epubs.siam.org/doi/pdf/10.1137/100801901}
}

@inproceedings{AG11b,
 author = {Ahn, Kook Jin and Guha, Sudipto},
 title = {Linear programming in the semi-streaming model with application to the maximum matching problem},
 booktitle = {Proceedings of the 38th international conference on Automata, languages and programming - Volume Part II},
 series = {ICALP'11},
 year = {2011},
 isbn = {978-3-642-22011-1},
 location = {Zurich, Switzerland},
 pages = {526--538},
 numpages = {13},
 url = {http://dl.acm.org/citation.cfm?id=2027223.2027277},
 acmid = {2027277},
 publisher = {Springer-Verlag},
 address = {Berlin, Heidelberg},
} 

@article{AG11,
  author    = {Kook Jin Ahn and
               Sudipto Guha},
  title     = {Laminar Families and Metric Embeddings: Non-bipartite Maximum
               Matching Problem in the Semi-Streaming Model},
  journal   = {CoRR},
  volume    = {abs/1104.4058},
  year      = {2011},
  ee        = {http://arxiv.org/abs/1104.4058},
  bibsource = {DBLP, http://dblp.uni-trier.de}
}

@inproceedings{AGM12b,
 author = {Ahn, Kook Jin and Guha, Sudipto and McGregor, Andrew},
 title = {Analyzing graph structure via linear measurements},
 booktitle = {Proceedings of the Twenty-Third Annual ACM-SIAM Symposium on Discrete Algorithms},
 series = {SODA '12},
 year = {2012},
 location = {Kyoto, Japan},
 pages = {459--467},
 numpages = {9},
 url = {http://dl.acm.org/citation.cfm?id=2095116.2095156},
 acmid = {2095156},
 publisher = {SIAM},
} 

@article{distrGraphLab,
 author = {Low, Yucheng and Bickson, Danny and Gonzalez, Joseph and Guestrin, Carlos and Kyrola, Aapo and Hellerstein, Joseph M.},
 title = {Distributed GraphLab: a framework for machine learning and data mining in the cloud},
 journal = {Proc. VLDB Endow.},
 issue_date = {April 2012},
 volume = {5},
 number = {8},
 month = apr,
 year = {2012},
 issn = {2150-8097},
 pages = {716--727},
 numpages = {12},
 url = {http://dl.acm.org/citation.cfm?id=2212351.2212354},
 acmid = {2212354},
 publisher = {VLDB Endowment},
} 

@misc{open,
title = "Question 16: Graph Matchings (Andrew McGregor) in Open Problems in Data Streams and Related Topics IITK Workshop on Algorithms for Data Streams",
note = "http://www.cse.iitk.ac.in/users/sganguly/data-stream-probs.pdf",
year = "2006"
}

@misc{hypergraphdb,
note = "http://www.kobrix.com"
}

@misc{neo4j,
note = "http://neo4j.org"
}

@misc{infinitegraph,
note = "http://objectivity.com"
}

@misc{trinity,
note = "http://research.microsoft.com/trinity"
}

@article{saga,
author = {Tian, Yuanyuan and McEachin, Richard C. and Santos, Carlos and States, David J. and Patel, Jignesh M.}, 
title = {SAGA: a subgraph matching tool for biological graphs},
volume = {23}, 
number = {2}, 
pages = {232-239}, 
year = {2007}, 
journal = {Bioinformatics} 
}

@inproceedings{SEYG12,
 author = {Sarwat, Mohamed and Elnikety, Sameh and He, Yuxiong and Kliot, Gabriel},
 title = {Horton: Online Query Execution Engine for Large Distributed Graphs},
 booktitle = {Proceedings of the 2012 IEEE 28th International Conference on Data Engineering},
 series = {ICDE '12},
 year = {2012},
 isbn = {978-0-7695-4747-3},
 pages = {1289--1292},
 numpages = {4},
 url = {http://dx.doi.org/10.1109/ICDE.2012.129},
 doi = {10.1109/ICDE.2012.129},
 acmid = {2310364},
 publisher = {IEEE Computer Society},
 address = {Washington, DC, USA},
} 

@inproceedings{DS12,
 author = {Duan, Ran and Su, Hsin-Hao},
 title = {A scaling algorithm for maximum weight matching in bipartite graphs},
 booktitle = {Proceedings of the Twenty-Third Annual ACM-SIAM Symposium on Discrete Algorithms},
 series = {SODA '12},
 year = {2012},
 location = {Kyoto, Japan},
 pages = {1413--1424},
 numpages = {12},
 url = {http://dl.acm.org/citation.cfm?id=2095116.2095227},
 acmid = {2095227},
 publisher = {SIAM},
} 

@inproceedings{K13,
  author    = {Kapralov, Michael},
  title     = {Improved lower bounds for matchings in the streaming model},
  booktitle = {Proceedings of the Twenty-Fourth Annual ACM-SIAM Symposium on Discrete Algorithms},
  series = {SODA '13},
  year      = {2013},
}

@inproceedings{AGM12,
 author = {Ahn, Kook Jin and Guha, Sudipto and McGregor, Andrew},
 title = {Graph sketches: sparsification, spanners, and subgraphs},
 booktitle = {Proceedings of the 31st symposium on Principles of Database Systems},
 series = {PODS '12},
 year = {2012},
 isbn = {978-1-4503-1248-6},
 location = {Scottsdale, Arizona, USA},
 pages = {5--14},
 numpages = {10},
 url = {http://doi.acm.org/10.1145/2213556.2213560},
 doi = {10.1145/2213556.2213560},
 acmid = {2213560},
 publisher = {ACM},
 address = {New York, NY, USA},
 keywords = {data streams, graph sketching, spanners, sparsification, subgraphs},
} 

@INPROCEEDINGS{YP08, 
author={Yuanyuan Tian and Patel, J.M.}, 
booktitle={Data Engineering, 2008. ICDE 2008. IEEE 24th International Conference on}, title={TALE: A Tool for Approximate Large Graph Matching}, 
year={2008}, 
month={april}, 
volume={}, 
number={}, 
pages={963 -972}, 
keywords={TALE;graph datasets;graph matching approximation;graph queries;graph structural information;indexing method;graph theory;indexing;query processing;}, 
doi={10.1109/ICDE.2008.4497505}, 
ISSN={},}


@article{PS12,
 author = {Pimplikar, Rakesh and Sarawagi, Sunita},
 title = {Answering table queries on the web using column keywords},
 journal = {Proc. VLDB Endow.},
 issue_date = {June 2012},
 volume = {5},
 number = {10},
 month = jun,
 year = {2012},
 issn = {2150-8097},
 pages = {908--919},
 numpages = {12},
 url = {http://dl.acm.org/citation.cfm?id=2336664.2336665},
 acmid = {2336665},
 publisher = {VLDB Endowment},
} 

@inproceedings{KSND06,
 author = {Kini, Ameet and Shankar, Srinath and Naughton, Jeffrey F. and Dewitt, David J.},
 title = {Database support for matching: limitations and opportunities},
 booktitle = {Proceedings of the 2006 ACM SIGMOD international conference on Management of data},
 series = {SIGMOD '06},
 year = {2006},
 isbn = {1-59593-434-0},
 location = {Chicago, IL, USA},
 pages = {85--96},
 numpages = {12},
 url = {http://doi.acm.org/10.1145/1142473.1142484},
 doi = {10.1145/1142473.1142484},
 acmid = {1142484},
 publisher = {ACM},
 address = {New York, NY, USA},
 keywords = {advanced query types, join, matching},
} 

@INPROCEEDINGS{OKDS07, 
author={Byung-Won On and Koudas, N. and Dongwon Lee and Srivastava, D.}, 
booktitle={Data Engineering, 2007. ICDE 2007. IEEE 23rd International Conference on}, title={Group Linkage}, 
year={2007}, 
month={april}, 
volume={}, 
number={}, 
pages={496 -505}, 
keywords={SQL;bipartite graph matching;database system;group linkage measure;record linkage problem;relational records;SQL;graph theory;relational databases;}, 
doi={10.1109/ICDE.2007.367895}, 
ISSN={}
}

@inproceedings{GKMS04,
 author = {Guha, Sudipto and Koudas, Nick and Marathe, Amit and Srivastava, Divesh},
 title = {Merging the results of approximate match operations},
 booktitle = {Proceedings of the Thirtieth international conference on Very large data bases - Volume 30},
 series = {VLDB '04},
 year = {2004},
 isbn = {0-12-088469-0},
 location = {Toronto, Canada},
 pages = {636--647},
 numpages = {12},
 url = {http://dl.acm.org/citation.cfm?id=1316689.1316745},
 acmid = {1316745},
 publisher = {VLDB Endowment},
} 

@inproceedings{KN07,
 author = {Kini, Ameet and Naughton, Jeffrey F.},
 title = {Database Support for Weighted Match Joins},
 booktitle = {Proceedings of the 19th International Conference on Scientific and Statistical Database Management},
 series = {SSDBM '07},
 year = {2007},
 isbn = {0-7695-2868-6},
 pages = {20--},
 url = {http://dx.doi.org/10.1109/SSDBM.2007.31},
 doi = {10.1109/SSDBM.2007.31},
 acmid = {1271871},
 publisher = {IEEE Computer Society},
 address = {Washington, DC, USA},
} 

@inproceedings{LMSV11,
 author = {Lattanzi, Silvio and Moseley, Benjamin and Suri, Siddharth and Vassilvitskii, Sergei},
 title = {Filtering: a method for solving graph problems in MapReduce},
 booktitle = {Proceedings of the 23rd ACM symposium on Parallelism in algorithms and architectures},
 series = {SPAA '11},
 year = {2011},
 isbn = {978-1-4503-0743-7},
 location = {San Jose, California, USA},
 pages = {85--94},
 numpages = {10},
 url = {http://doi.acm.org/10.1145/1989493.1989505},
 doi = {10.1145/1989493.1989505},
 acmid = {1989505},
 publisher = {ACM},
 address = {New York, NY, USA},
 keywords = {MapReduce, graph algorithms, matchings},
} 


@inproceedings{LPR07,
 author = {Lotker, Zvi and Patt-Shamir, Boaz and Rosen, Adi},
 title = {Distributed approximate matching},
 booktitle = {Proceedings of the twenty-sixth annual ACM symposium on Principles of distributed computing},
 series = {PODC '07},
 year = {2007},
 isbn = {978-1-59593-616-5},
 location = {Portland, Oregon, USA},
 pages = {167--174},
 numpages = {8},
 url = {http://doi.acm.org/10.1145/1281100.1281126},
 doi = {10.1145/1281100.1281126},
 acmid = {1281126},
 publisher = {ACM},
 address = {New York, NY, USA},
 keywords = {distributed algorithms, distributed approximation algorithms, dynamic algorithms, graph algorithms, maximum matching},
} 


@article{Khot:2007:OIR:1328722.1328735,
 author = {Khot, Subhash and Kindler, Guy and Mossel, Elchanan and O'Donnell, Ryan},
 title = {Optimal Inapproximability Results for MAX-CUT and Other 2-Variable CSPs?},
 journal = {SIAM J. Comput.},
 issue_date = {April 2007},
 volume = {37},
 number = {1},
 month = apr,
 year = {2007},
 pages = {319--357},
 numpages = {39}
} 




@inproceedings{DBLP:conf/coco/Khot10,
  author    = {Subhash Khot},
  title     = {On the Unique Games Conjecture (Invited Survey)},
  booktitle = {IEEE Conference on Computational Complexity},
  year      = {2010},
  pages     = {99-121}
}





@ARTICLE{alizadeh,
    author = {Farid Alizadeh},
    title = {Interior Point Methods in Semidefinite Programming with Applications to Combinatorial Optimization},
    journal = {SIAM Journal on Optimization},
    year = {1993},
    volume = {5}
}

@article{friezejerrum,
  author    = {Alan M. Frieze and
               Mark Jerrum},
  title     = {Improved Approximation Algorithms for MAX k-CUT and MAX
               BISECTION},
  journal   = {Algorithmica},
  volume    = {18},
  number    = {1},
  year      = {1997},
  pages     = {67-81}
}
@inproceedings{Greenberg09,
author = {Greenberg, A. and et al.},
title = {VL2: a scalable and flexible data center network},
booktitle = {SIGCOMM '09},
year = {2009}
} 


@article{DBLP:journals/im/KolountzakisMPT12,
  author    = {Kolountzakis M. N. and Miller, G. L. and Peng, R. and Tsourakakis C. E.},
  title     = {Efficient Triangle Counting in Large Graphs via Degree-Based
               Vertex Partitioning},
  journal   = {Internet Mathematics},
  volume    = {8},
  number    = {1-2},
  year      = {2012},
  pages     = {161-185}
}






@article{chunglu,
  author    = {F. R. K. Chung and
               L. Lu},
  title     = {The Average Distance in a Random Graph with Given Expected
               Degrees},
  journal   = {Internet Mathematics},
  volume    = {1},
  number    = {1},
  year      = {2003},
  pages     = {91-113}
}

@inproceedings{DBLP:conf/random/CondonK99,
  author    = {A. Condon and
               R. M. Karp},
  title     = {Algorithms for Graph Partitioning on the Planted Partition
               Model},
  booktitle = {RANDOM-APPROX},
  year      = {1999},
  pages     = {221-232}
}


@article{abello2002massive,
  title={Massive quasi-clique detection},
  author={Abello, J. and Resende, M. and Sudarsky, S.},
  journal={LATIN 2002: Theoretical Informatics},
  pages={598--612},
  year={2002},
  publisher={Springer}
}


@inproceedings{stanton,
  author    = {I. Stanton and G. Kliot},
  title     = {Streaming graph partitioning for large distributed graphs},
  booktitle = {ACM KDD},
  year      = {2012},
  pages     = {1222-1230}
}


@inproceedings{gonzalez12powergraph,
  title={PowerGraph: Distributed graph-parallel computation on natural graphs},
  author={Gonzalez, J.E. and Low, Y. and Gu, H. and Bickson, D. and Guestrin, C.},
  booktitle={Proc. of the 10th USENIX conference on Operating systems design and implementation, OSDI},
  volume={12}
}

@inproceedings{brandes2007finding,
  title={On finding graph clusterings with maximum modularity},
  author={Brandes, U. and Delling, D. and Gaertler, M. and G{\"o}rke, R. and Hoefer, M. and Nikoloski, Z. and Wagner, D.},
  booktitle={Graph-Theoretic Concepts in Computer Science},
  pages={121--132},
  year={2007},
  organization={Springer}
}
  
  @inproceedings{leskovec2008statistical,
  title={Statistical properties of community structure in large social and information networks},
  author={Leskovec, J. and Lang, K.J. and Dasgupta, A. and Mahoney, M. W.},
  booktitle={Proceeding of the 17th international conference on World Wide Web},
  pages={695--704},
  year={2008},
  organization={ACM}
}


@inproceedings{Fiduccia:1982:LHI:800263.809204,
 author = {Fiduccia, C. M. and Mattheyses, R. M.},
 title = {A linear-time heuristic for improving network partitions},
 booktitle = {DAC '82},
 year = {1982},
 pages = {175--181},
 numpages = {7}
} 


@article{Feige:2002:PAM:586842.586910,
 author = {Feige, U. and Krauthgamer, R.},
 title = {A Polylogarithmic Approximation of the Minimum Bisection},
 journal = {SIAM J. Comput.},
 issue_date = {2002},
 volume = {31},
 number = {4},
 month = apr,
 year = {2002},
 issn = {0097-5397},
 pages = {1090--1118}
} 


@article{newman2003structure,
  title={The structure and function of complex networks},
  author={Newman, M. E. J.},
  journal={SIAM review},
  volume={45},
  number={2},
  pages={167--256},
  year={2003},
  publisher={SIAM}
}

@inproceedings{Garey:1974:SNP:800119.803884,
 author = {Garey, M. R. and Johnson, D. S. and Stockmeyer, L.},
 title = {Some simplified NP-complete problems},
 booktitle = {STOC '74},
 year = {1974},
 pages = {47--63}
} 


@article{dean,
 author = {Dean, J. and Ghemawat, S.},
 title = {MapReduce: simplified data processing on large clusters},
 journal = {Commun. ACM},
 issue_date = {January 2008},
 volume = {51},
 number = {1},
 month = jan,
 year = {2008},
 issn = {0001-0782},
 pages = {107--113},
 numpages = {7},
 url = {http://doi.acm.org/10.1145/1327452.1327492},
 doi = {10.1145/1327452.1327492},
 acmid = {1327492},
 publisher = {ACM},
 address = {New York, NY, USA},
} 

@article{metis,
  title={Metis-unstructured graph partitioning and sparse matrix ordering system, version 2.0},
  author={Karypis, G. and Kumar, V.},
  year={1995}
}


@inproceedings{DBLP:conf/ipps/KarypisK96,
  author    = {Karypis, G. and Kumar, V.},
  title     = {Parallel Multilevel Graph Partitioning},
  booktitle = {IPPS},
  year      = {1996},
  pages     = {314-319}
}


@inproceedings{DBLP:conf/stoc/AroraRV04,
  author    = {Arora, S. and  Satish, R. and Vazirani, U.},
  title     = {Expander flows, geometric embeddings and graph partitioning},
  booktitle = {STOC},
  year      = {2004},
  pages     = {222-231}
}

@inproceedings{Andreev:2004:BGP:1007912.1007931,
 author = {Konstantin, A. and R\"{a}cke, H.},
 title = {Balanced graph partitioning},
 booktitle = {SPAA '04},
 year = {2004},
 isbn = {1-58113-840-7},
 location = {Barcelona, Spain},
 pages = {120--124},

} 


@inproceedings{Isard:2009:DDC:1559845.1559962,
 author = {Isard, M. and Yu, Y.},
 title = {Distributed data-parallel computing using a high-level programming language},
 booktitle = {Proceedings of the 2009 ACM SIGMOD International Conference on Management of data},
 series = {SIGMOD '09},
 year = {2009},
 isbn = {978-1-60558-551-2},
 location = {Providence, Rhode Island, USA},
 pages = {987--994},
 numpages = {8},
 url = {http://doi.acm.org/10.1145/1559845.1559962},
 doi = {10.1145/1559845.1559962},
 acmid = {1559962},
 publisher = {ACM},
 address = {New York, NY, USA},
 keywords = {cloud computing, concurrency, distributed programming},
} 



@inproceedings{graphlab,
  author    = {Low, Y. and Gonzalez, J. and Kyrola, A. and Bickson, D. and Guestrin, C. and Hellerstein, J. M.},
  title     = {GraphLab: A New Framework For Parallel Machine Learning},
  booktitle = {UAI},
  year      = {2010},
  pages     = {340-349}
}


@article{kempe, 
title={Modularity-maximizing graph communities via mathematical programming}, 
author={Agarwal, G. and Kempe, D.}, 
journal={The European Physical Journal B-Condensed Matter and Complex Systems}, 
volume={66}, 
number={3}, 
pages={409--418}, 
year={2008}, 
publisher={Springer} 
} 


@article{newman, 
title={Modularity and community structure in networks}, 
author={Newman, M. E. J.}, 
journal={Proceedings of the National Academy of Sciences}, 
volume={103}, 
number={23}, 
pages={8577--8582}, 
year={2006}
} 



@article{girvan2002community, 
title={Community structure in social and biological networks}, 
author={Girvan, M. and Newman, M. E. J.}, 
journal={Proceedings of the National Academy of Sciences}, 
volume={99}, 
number={12}, 
pages={7821--7826}, 
year={2002}, 
publisher={National Acad Sciences} 
} 


@article{newman2004finding,
  title={Finding and evaluating community structure in networks},
  author={Newman, M. E. J. and Girvan, M.},
  journal={Physical review E},
  volume={69},
  number={2},
  pages={026113},
  year={2004},
  publisher={APS}
}

@inproceedings{Prabhakaran:2012:MLG:2342821.2342825,
 author = {Prabhakaran, V. and et al.},
 title = {Managing large graphs on multi-cores with graph awareness},
 booktitle = {USENIX ATC'12},
 year = {2012}
} 


@article{Walshaw:1997:PDG:281659.281661,
 author = {Walshaw, C. and Everett, M. G. and Cross, M.},
 title = {Parallel dynamic graph partitioning for adaptive unstructured meshes},
 journal = {J. Parallel Distrib. Comput.},
 issue_date = {Dec. 15, 1997},
 volume = {47},
 number = {2},
 month = dec,
 year = {1997},
 issn = {0743-7315},
 pages = {102--108},
 numpages = {7},
 url = {http://dx.doi.org/10.1006/jpdc.1997.1407},
 doi = {10.1006/jpdc.1997.1407},
 acmid = {281661},
 publisher = {Academic Press, Inc.},
 address = {Orlando, FL, USA},
 keywords = {adaptive unstructured meshes, graph-partitioning, load-balancing, parallel computing},
} 

@techreport{page1999pagerank,
  title={The {PageRank} citation ranking: bringing order to the web.},
  author={Page, L. and Brin, S. and Motwani, R. and Winograd, T.},
  year={1999},
  institution={Stanford InfoLab}
}

@article{DBLP:journals/corr/abs-0906-0612,
  author    = {Santo Fortunato},
  title     = {Community detection in graphs},
  journal   = {CoRR},
  volume    = {abs/0906.0612},
  year      = {2009},
  ee        = {http://arxiv.org/abs/0906.0612},
  bibsource = {DBLP, http://dblp.uni-trier.de}
}


@article{Kang:2011:HMR:1921632.1921634,
 author = {Kang, U. and Tsourakakis, C. E. and Appel, A. P. and Faloutsos, C. and Leskovec, J.},
 title = {HADI: Mining Radii of Large Graphs},
 journal = {ACM Trans. Knowl. Discov. Data},
 issue_date = {February 2011},
 volume = {5},
 number = {2},
 month = feb,
 year = {2011},
 issn = {1556-4681},
 pages = {8:1--8:24},
 articleno = {8},
 numpages = {24},
 url = {http://doi.acm.org/10.1145/1921632.1921634},
 doi = {10.1145/1921632.1921634},
 acmid = {1921634},
 publisher = {ACM},
 address = {New York, NY, USA},
 keywords = {HADI, Radius plot, graph mining, hadoop, small web},
} 

@inproceedings{Cherkassky:1994:SPA:314464.314638,
 author = {Cherkassky, B. V. and Goldberg, A. V. and Radzik, T.},
 title = {Shortest paths algorithms: theory and experimental evaluation},
 booktitle = {SODA '94},
 year = {1994},
 isbn = {0-89871-329-3},
 location = {Arlington, Virginia, United States},
 pages = {516--525},
 numpages = {10},
 url = {http://dl.acm.org/citation.cfm?id=314464.314638},
 acmid = {314638},
 publisher = {Society for Industrial and Applied Mathematics},
 address = {Philadelphia, PA, USA}
} 



@unpublished{denserthandensest,
  author = {Tsourakakis, C. E. and F. Bonchi and A. Gionis and F. Gullo and M. Tsiarli},
  title = {Denser than the densest subgraph: extracting optimal quasicliques with quality guarantees and applications},
  note = {Submitted for publication},
  year = {2012}
}



@article{GiMiTe98,
     Author="J. Gilbert and G. L. Miller and S.-H. Teng",
     Title="Geometric Mesh Partitioning: Implementation and Experiments",
     Journal="SIAM J. Scientific Computing",
     year="1998",
     Pages="2091--2110",
     Volume="19",
     Number="6"
}


@article{Karypis:1998:FHQ:305219.305248,
 author = {Karypis, G. and Kumar, V.},
 title = {A Fast and High Quality Multilevel Scheme for Partitioning Irregular Graphs},
 journal = {SIAM J. Sci. Comput.},
 issue_date = {Aug. 1998},
 volume = {20},
 number = {1},
 month = dec,
 year = {1998},
 issn = {1064-8275},
 pages = {359--392},
 numpages = {34},
 url = {http://dx.doi.org/10.1137/S1064827595287997},
 doi = {10.1137/S1064827595287997},
 acmid = {305248},
 publisher = {Society for Industrial and Applied Mathematics},
 address = {Philadelphia, PA, USA},
 keywords = {fill-reducing orderings, finite element computations, graph partitioning, parallel computations},
} 


@inproceedings{pegasus,
  author    = {U. Kang and
               C. E. T. and
               C. Faloutsos},
  title     = {PEGASUS: A Peta-Scale Graph Mining System},
  booktitle = {ICDM},
  year      = {2009},
  pages     = {229-238}
}



@inproceedings{Kwak:2010:TSN:1772690.1772751,
 author = {Kwak, H. and Lee, C. and Park, H. and Moon, S.},
 title = {What is Twitter, a social network or a news media?},
 booktitle = {Proceedings of the 19th international conference on World wide web},
 series = {WWW '10},
 year = {2010},
 isbn = {978-1-60558-799-8},
 location = {Raleigh, North Carolina, USA},
 pages = {591--600},
 numpages = {10},
 url = {http://doi.acm.org/10.1145/1772690.1772751},
 doi = {10.1145/1772690.1772751},
 acmid = {1772751},
 publisher = {ACM},
 address = {New York, NY, USA},
 keywords = {Twitter, degree of separation, homophily, influential, information diffusion, online social network, pagerank, reciprocity, retweet},
} 



@book{DBLP:books/daglib/0022835,
  author    = {T. White},
  title     = {Hadoop - The Definitive Guide: MapReduce for the Cloud},
  publisher = {O'Reilly},
  year      = {2009},
  isbn      = {978-0-596-52197-4},
  pages     = {I-XIX, 1-501},
  ee        = {http://www.oreilly.de/catalog/9780596521974/index.html},
  bibsource = {DBLP, http://dblp.uni-trier.de}
}

@misc{techcrunch,
note = {\url{http://techcrunch.com/2012/10/04/facebook-tops\- -1-billion-monthly-users-ceo-mark\- -zuckerberg-shares-a-personal-note/}}
}

@misc{google,
note = {\url{http://googleblog.blogspot.co.uk/2008/07/we-knew-web-was-big.html}}
}

@misc{heuristics,
note = {\url{http://staffweb.cms.gre.ac.uk/~wc06/partition/}}
}


@article{kl,
 author = {B. W. Kernighan and S. Lin},
 title = {An Efficient Heuristic Procedure for Partitioning Graphs},
 journal = {Bell Syst. Tech. J.},
 volume = {49},
 number = {2},
 month = feb,
 year = {1970},
 pages = {291--307},
} 

@inproceedings{DBLP:conf/icdm/Tsourakakis08,
  author    = {Charalampos E. Tsourakakis},
  title     = {Fast Counting of Triangles in Large Real Networks without
               Counting: Algorithms and Laws},
  booktitle = {ICDM},
  year      = {2008},
  pages     = {608-617}
}


@article{DBLP:journals/jgaa/TsourakakisKM11,
  author    = {Charalampos E. Tsourakakis and
               Mihail N. Kolountzakis and
               Gary L. Miller},
  title     = {Triangle Sparsifiers},
  journal   = {J. Graph Algorithms Appl.},
  volume    = {15},
  number    = {6},
  year      = {2011},
  pages     = {703-726}
}
@inproceedings{bansal,
 author = {Bansal, N. and Feige, U. and Krauthgamer, R. and Makarychev, K. and Nagarajan, V. and Naor, J. (S.) and Schwartz, R.},
 title = {Min-max Graph Partitioning and Small Set Expansion},
 booktitle = {Proceedings of the 2011 IEEE 52nd Annual Symposium on Foundations of Computer Science},
 series = {FOCS '11},
 year = {2011},
 isbn = {978-0-7695-4571-4},
 pages = {17--26},
 numpages = {10},
 url = {http://dx.doi.org/10.1109/FOCS.2011.79},
 doi = {10.1109/FOCS.2011.79},
 acmid = {2082917},
 publisher = {IEEE Computer Society},
 address = {Washington, DC, USA},
} 

@inproceedings{costa,
 author = {Costa, P. and Donnelly, A. and Rowstron, A. and O'Shea, G.},
 title = {Camdoop: exploiting in-network aggregation for big data applications},
 booktitle = {NSDI'12},
 year = {2012},
 pages = {3--3},
 numpages = {1},
} 

@inproceedings{zhou,
 author = {Zhou, J. and Bruno, N. and Lin, W.},
 title = {Advanced partitioning techniques for massively distributed computation},
 booktitle = {SIGMOD '12},
 year = {2012},
 isbn = {978-1-4503-1247-9},
 location = {Scottsdale, Arizona, USA},
 pages = {13--24}
} 



@inproceedings{yhu, 
 author = {F. Zhu and Q. Qu and D. Lo and X. Yan and J. Han and P. S. Yu},
 title = {Mining Top-K Large Structural Patterns in a Massive Network},
 booktitle = {Proc. of VLDB 2011},
 year = {2011}
} 

@inproceedings{yang,
 author = {Yang, S. and Yan, X. and Zong, B. and Khan, A.},
 title = {Towards effective partition management for large graphs},
 booktitle = {SIGMOD '12},
 year = {2012},
 isbn = {978-1-4503-1247-9},
 location = {Scottsdale, Arizona, USA},
 pages = {517--528}
} 



@article{sun,
 author = {Sun, Z. and et al. },
 title = {Efficient subgraph matching on billion node graphs},
 journal = {Proc. VLDB Endow.},
 issue_date = {May 2012},
 volume = {5},
 number = {9},
 month = may,
 year = {2012},
 issn = {2150-8097},
 pages = {788--799}
} 

@inproceedings{satuluri, 
 author = {Satuluri, V. and Parthasarathy, S. and Ruan, Y.},
 title = {Local graph sparsification for scalable clustering},
 booktitle = {SIGMOD '11},
 year = {2011},
 isbn = {978-1-4503-0661-4},
 location = {Athens, Greece},
 pages = {721--732}
} 

@INPROCEEDINGS{sarwat, 
author={Sarwat, M. and Elnikety, S. and Yuxiong He and Kliot, G.},  
booktitle={Data Engineering (ICDE), 2012 IEEE 28th International Conference on}, title={Horton: Online Query Execution Engine for Large Distributed Graphs}, 
year={2012}, 
month={april}, 
volume={}, 
number={}, 
pages={1289 -1292}, 
}

@inproceedings{mondal,
 author = {Mondal, J. and Deshpande, A.},
 title = {Managing large dynamic graphs efficiently},
 booktitle = {SIGMOD '12},
 year = {2012},
 location = {Scottsdale, Arizona, USA},
 pages = {145--156},
 numpages = {12},
 publisher = {ACM},
} 

@inproceedings{pregel,
 author = {Malewicz, G.  and Austern, M. H. and Bik, A.J.C and Dehnert, J.C. and Horn, I. and Leiser, N. and Czajkowski, G.},
 title = {Pregel: a system for large-scale graph processing},
 booktitle = {SIGMOD '10},
 year = {2010},
 location = {Indianapolis, Indiana, USA},
 pages = {135--146},
} 

@inproceedings{khan,
 author = {Khan, Arijit and Li, Nan and Yan, Xifeng and Guan, Ziyu and Chakraborty, Supriyo and Tao, Shu},
 title = {Neighborhood based fast graph search in large networks},
 booktitle = {Proceedings of the 2011 ACM SIGMOD International Conference on Management of data},
 series = {SIGMOD '11},
 year = {2011},
 isbn = {978-1-4503-0661-4},
 location = {Athens, Greece},
 pages = {901--912},
 numpages = {12},
 url = {http://doi.acm.org/10.1145/1989323.1989418},
 doi = {10.1145/1989323.1989418},
 acmid = {1989418},
 publisher = {ACM},
 address = {New York, NY, USA},
 keywords = {RDF, graph alignment, graph query, graph search},
} 

@inproceedings{he,
 author = {He, B. and Yang, M. and Guo, Z. and Chen, R. and Su, B. and Lin, W. and Zhou, L.},
 title = {Comet: batched stream processing for data intensive distributed computing},
 booktitle = {Proceedings of the 1st ACM symposium on Cloud computing},
 series = {SoCC '10},
 year = {2010},
 location = {Indianapolis, Indiana, USA},
 pages = {63--74},
} 


@inproceedings{rishan,
 author = {Chen, R. and Weng, X. and He, B. and Yang, M.},
 title = {Large graph processing in the cloud},
 booktitle = {Proceedings of the 2010 ACM SIGMOD International Conference on Management of data},
 series = {SIGMOD '10},
 year = {2010},
 isbn = {978-1-4503-0032-2},
 location = {Indianapolis, Indiana, USA},
 pages = {1123--1126},
} 

@INPROCEEDINGS{brocheler, 
author={Brocheler, M. and Pugliese, A. and Subrahmanian, V. S.}, 
booktitle={ASONAM '10}, 
title={COSI: Cloud Oriented Subgraph Identification in Massive Social Networks}, 
year={2010}, 
month={Aug.}, 
volume={}, 
number={}, 
pages={248 -255}, 
}

@article{angel,
 author = {Angel, A. and Sarkas, N. and Koudas, N. and Srivastava, D.},
 title = {Dense subgraph maintenance under streaming edge weight updates for real-time story identification},
 journal = {Proc. VLDB Endow.},
 volume = {5},
 number = {6},
 month = feb,
 year = {2012},
 pages = {574--585},
} 


@inproceedings{schloegel,
 author = {Schloegel, K. and Karypis, G. and Kumar, V.},
 title = {Parallel Multilevel Algorithms for Multi-constraint Graph Partitioning (Distinguished Paper)},
 booktitle = {Proceedings from the 6th International Euro-Par Conference on Parallel Processing},
 series = {Euro-Par '00},
 year = {2000},
 pages = {296--310}
} 


@article{schloegel_parmetis,
  author = {Schloegel, K. and Karypis, G. and Kumar, V.},
  title = {Parallel static and dynamic multi-constraint graph partitioning},
  journal = {Concurrency and Computation: Practice and Experience},
  volume = {14}, 
  number = {3}, 
  pages = {219 -- 240}, 
  year = {2002}
}


@inproceedings{krauthgamer,
  author    = {R. Krauthgamer and J. (S.) Naor and R. Schwartz},
  title     = {Partitioning Graphs into Balanced Components},
  booktitle = {SODA '09},
  year      = {2009},
  pages     = {942-949}
}

@article{goemans,
 author = {Goemans, Michel X. and Williamson, David P.},
 title = {Improved approximation algorithms for maximum cut and satisfiability problems using semidefinite programming},
 journal = {J. ACM},
 volume = {42},
 number = {6},
 year = {1995}
}

@article{karger,
 author = {Karger, D. and Motwani, R. and Sudan, M.},
 title = {Approximate graph coloring by semidefinite programming},
 journal = {J. ACM},
 volume = {45},
 number = {2},
 year = {1998},
 pages = {246--265}
} 



@inproceedings{ke,
  author = {Ke, Q. and Prabhakaran, V. and Xie, Y. and Yu, Y. and Wu, J. and Yang, J.},
  title = {Optimizing Data Partitioning for Data-Parallel Computing},
  booktitle = {HotOS XIII},
  month = May,
  year = 2011 
}


@inproceedings{karagiannis,
  author = {Karagiannis, T. and Gkantsidis, C. and Narayanan, D. and Rowstron, A.}, 
  title = {Hermes: Clustering Users in Large-Scale E-mail Services}, 
  booktitle = {ACM Symposium on Cloud Computing 2010},
  monthe = {June},
  year = {2010}
}


@inproceedings{pujol,
  author = {Pujol, J. and et al.},
  title = {The Little Engine(s) That Could: Scaling Online Social Networks},
  booktitle = {ACM SIGCOMM 2010},
  monthe = {August},
  year = {2010}
}


@inproceedings{gonzales, 
  author = {Gonzalez, J. and Low, Y. and Gu, H. and Bickson, D. and Guestrin, C.}, 
  title = {PowerGraph: Distributed Graph-Parallel Computation on Natural Graphs}, 
  booktitle = {OSDI},
  year = {2012}
}

@inproceedings{blandford, 
  author = {Blandford, D. and Blelloch, G. and Kash, I.},
  title = {An Experimental Analysis of a Compact Graph Representation},
  booktitle = {ALENEX},
  year = 2004
}

@inproceedings{dassarma,
  author = {Das Sarma, A. and Gollapudi, S. and Panigrahy, R.},
  title = {Sparse cutprojections in graph streams},
  booktitle = {ESA},
  year = {2009}
}


@inproceedings{ahn,
  author = {Jin Ahn, K. and Guha, S.},
  title = {Graph sparsification in the semi-streaming model},
  booktitle = {ICALP}, 
  year = {2009}
}


@book{newman2,
  author = {Newman, M.},
  title = {Networks: An Introduction},
  publisher = {Oxford University Press},
  year = {2010}
}
